<?xml version="1.0" encoding="UTF-8"?><collection xmlns="http://www.loc.gov/MARC21/slim"><record><leader>00515nam--2200145-i-4500</leader><controlfield tag="001">000011912</controlfield><controlfield tag="002">20161230</controlfield><controlfield tag="005">20161230201029</controlfield><controlfield tag="008">060222s1000------------r-----000-0-eng-d</controlfield><datafield ind1="1" ind2="0" tag="100"><subfield code="a">Dusserre-charignon, Liliane</subfield></datafield><datafield ind1="1" ind2=" " tag="245"><subfield code="a">Methodes d analyse lineaire discriminante. mise en oeuvre et discussion des hypotheses dans le cas deus groupes. these</subfield></datafield><datafield ind1=" " ind2=" " tag="260"><subfield code="a">Paris, Universite Pierre Et Marie Curie Faculte De Medicine Pitie-salpetriere, 1975</subfield></datafield><datafield ind1=" " ind2=" " tag="300"><subfield code="a">213 p</subfield></datafield><datafield ind1=" " ind2=" " tag="852"><subfield code="a">44122</subfield><subfield code="c">517</subfield></datafield><datafield ind1=" " ind2=" " tag="CAT"><subfield code="a">Sys</subfield><subfield code="c">20080707</subfield><subfield code="h">074816</subfield></datafield></record></collection>